@ARTICLE{Example,
  author = {Example},
  title = {Example},
  journal = {Example},
  year = {20222},
}
